<?xml version="1.0" encoding="UTF-8"?><collection xmlns="http://www.loc.gov/MARC21/slim"><record><leader>00504nam--2200133-i-4500</leader><controlfield tag="001">000010536</controlfield><controlfield tag="002">20161230</controlfield><controlfield tag="005">20161230201028</controlfield><controlfield tag="008">060222s1000------------r-----000-0-eng-d</controlfield><datafield ind1=" " ind2=" " tag="080"><subfield code="a">620.179.15:577.3:015</subfield></datafield><datafield ind1=" " ind2=" " tag="100"><subfield code="a">Brugal, Gerard</subfield></datafield><datafield ind1=" " ind2=" " tag="245"><subfield code="a">Relations entre la proliferation et la differe nciation cellulaires:etude autoradiographique chez les embryons et les jeunes larves de pleu rodeles waltlii michah.(amphibien urodele)</subfield></datafield><datafield ind1=" " ind2=" " tag="260"><subfield code="a">Grenoble, Faculte Des Sciences, 1970. /302-320/Pp</subfield></datafield><datafield ind1=" " ind2=" " tag="852"><subfield code="a">38123</subfield></datafield></record></collection>